@book{o2008integrable,
  title={Integrable systems in celestial mechanics},
  author={{\'O}'Math{\'u}na, Diarmuid},
  volume={51},
  year={2008},
  publisher={Springer Science \& Business Media}
}
Works CitedDiarmuid Ó'Mathúna. Integrable Systems in Celestial Mechanics. Springer Science & Business Media, 15 Dec. 2008.
@book{arnol2013mathematical,
  title={Mathematical methods of classical mechanics},
  author={Arnol'd, Vladimir Igorevich},
  volume={60},
  year={2013},
  publisher={Springer Science \& Business Media}
}
Vladimir Igorevič Arnolʹd, et al. Mathematical Methods of Classical Mechanics : With 269 Illustrations. New York, Springer-Verlag, Cop. , Cop, 2010.
@notes{TMPB23/24,
  title={Topics in Mathematical Physics B},
  author={James Lucietti},
  year={2024}
}
@notes{DavidTong,
  title={Lecture notes on Classical Dynamics, Hamiltonian formulation},
  author={David Tong},
  year={2015}
}
@notes{Momp,
  title={Methods of Mathematical Physics notes},
  author={Kristell Torokoff},
  year={2024}
}
@notes{DifferentialGeometry,
  title={Differential Geometry course notes},
  author={José Figueroa-O’Farril},
  year={2025}
}
@notes{Integrablesys,
  title={Integrable Systems},
  author={Maciej Dunajski},
  year={2012}
}
Elliptical integral handbbook pages 131 254.18 234(on pdf) 362.20
@book{byrd1971handbook,
  title={Handbook of Elliptic Integrals for Engineers and Scientists: By Paul F. Byrd and Morris D. Friedman},
  author={Byrd, Paul F},
  year={1971},
  publisher={Springer-Verlag}
}
@book{goldstein2002classical,
  title={Classical mechanics},
  author={Goldstein, Herbert and Poole, Charles and Safko, John and Addison, Stephen R},
  year={2002},
  publisher={American Association of Physics Teachers}
}

@book{abramowitz1968handbook,
  title={Handbook of mathematical functions with formulas, graphs, and mathematical tables},
  author={Abramowitz, Milton and Stegun, Irene A},
  volume={55},
  year={1968},
  publisher={US Government printing office}
}
@book{wilf2005generatingfunctionology,
  title={generatingfunctionology},
  author={Wilf, Herbert S},
  year={2005},
  publisher={CRC press}
}
@article{linsky1996principia,
  title={Principia mathematica},
  author={Linsky, Bernard and Irvine, Andrew David},
  year={1996}
}